@book{ray2013,
author = {Ray, Santanu Saha},
publisher = {Springer, India, Private Ltd},
title = {{Graph Theory with Algorithms and Its Applications}},
year = {2013}
}
@book{roberts2013,
  title={Programming Abstractions in C++},
  author={Roberts, E.},
  isbn={9780133454840},
  lccn={2012277789},
  url={https://books.google.nl/books?id=wU0LmwEACAAJ},
  year={2013},
  publisher={Pearson Education}
}
